<?xml version="1.0" encoding="UTF-8"?><collection xmlns="http://www.loc.gov/MARC21/slim"><record><leader>00478nam--2200181-u-4500</leader><controlfield tag="001">000054273</controlfield><controlfield tag="002">20161230</controlfield><controlfield tag="005">20161230201051</controlfield><controlfield tag="008">111102s1000------------r-----000-0-rus-d</controlfield><datafield ind1=" " ind2=" " tag="040"><subfield code="a">IFIN-HH</subfield></datafield><datafield ind1=" " ind2=" " tag="041"><subfield code="a">rus</subfield></datafield><datafield ind1=" " ind2=" " tag="080"><subfield code="a">621.039:539.125.5</subfield></datafield><datafield ind1="1" ind2=" " tag="100"><subfield code="a">Rasecenik, M.V</subfield></datafield><datafield ind1="1" ind2="0" tag="245"><subfield code="a">Voprosi neitronnoi fiziki srednih energii</subfield><subfield code="c">M.v. rasecenik</subfield></datafield><datafield ind1=" " ind2=" " tag="260"><subfield code="a">Kiev</subfield><subfield code="b">Akademia Nauk Ucrainskoi Ssr</subfield><subfield code="c">1962</subfield></datafield><datafield ind1=" " ind2=" " tag="300"><subfield code="a">336P</subfield></datafield><datafield ind1=" " ind2=" " tag="852"><subfield code="a">8663P</subfield><subfield code="c">539.12</subfield></datafield><datafield ind1=" " ind2=" " tag="CAT"><subfield code="a">Sys</subfield><subfield code="c">20111102</subfield><subfield code="h">092458</subfield></datafield></record></collection>